@article{anand,
 author = {Anand, Saswat and Burke, Edmund K. and Chen, Tsong Yueh and Clark, John and Cohen, Myra B. and Grieskamp, Wolfgang and Harman, Mark and Harrold, Mary Jean and Mcminn, Phil},
 title = {An Orchestrated Survey of Methodologies for Automated Software Test Case Generation},
 journal = {J. Syst. Softw.},
 issue_date = {August, 2013},
 volume = {86},
 number = {8},
 month = aug,
 year = {2013},
 issn = {0164-1212},
 pages = {1978--2001},
 numpages = {24},
 url = {http://dx.doi.org/10.1016/j.jss.2013.02.061},
 doi = {10.1016/j.jss.2013.02.061},
 acmid = {2503991},
 publisher = {Elsevier Science Inc.},
 address = {New York, NY, USA},
 keywords = {Adaptive random testing, Combinatorial testing, Model-based testing, Orchestrated survey, Search-based software testing, Software testing, Symbolic execution, Test automation, Test case generation},
} 

@inproceedings{arcuri,
 author = {Arcuri, Andrea and Iqbal, Muhammad Zohaib and Briand, Lionel},
 title = {Black-box System Testing of Real-time Embedded Systems Using Random and Search-based Testing},
 booktitle = {Proceedings of the 22Nd IFIP WG 6.1 International Conference on Testing Software and Systems},
 series = {ICTSS'10},
 year = {2010},
 isbn = {3-642-16572-9, 978-3-642-16572-6},
 location = {Natal, Brazil},
 pages = {95--110},
 numpages = {16},
 url = {http://dl.acm.org/citation.cfm?id=1928028.1928036},
 acmid = {1928036},
 publisher = {Springer-Verlag},
 address = {Berlin, Heidelberg},
 keywords = {MARTE, OCL, UML, branch distance, context, environment, model based testing, search based software engineering},
} 

@INPROCEEDINGS{baars, 
author={Baars, A. and Harman, M. and Hassoun, Y. and Lakhotia, K. and McMinn, P. and Tonella, P. and Vos, T.}, 
booktitle={Automated Software Engineering (ASE), 2011 26th IEEE/ACM International Conference on}, 
title={Symbolic search-based testing}, 
year={2011}, 
pages={53-62}, 
doi={10.1109/ASE.2011.6100119}, 
ISSN={1938-4300}, 
month={Nov},}

@book{beizer,
 author = {Beizer, Boris},
 title = {Software Testing Techniques (2nd Ed.)},
 year = {1990},
 isbn = {0-442-20672-0},
 publisher = {Van Nostrand Reinhold Co.},
 address = {New York, NY, USA},
}

@article{demillo,
 author = {DeMillo, Richard A. and Offutt, A. Jefferson},
 title = {Constraint-Based Automatic Test Data Generation},
 journal = {IEEE Trans. Softw. Eng.},
 issue_date = {September 1991},
 volume = {17},
 number = {9},
 month = sep,
 year = {1991},
 issn = {0098-5589},
 pages = {900--910},
 numpages = {11},
 url = {http://dx.doi.org/10.1109/32.92910},
 doi = {10.1109/32.92910},
 acmid = {126269},
 publisher = {IEEE Press},
 address = {Piscataway, NJ, USA},
 keywords = {Godzilla, Mothra testing system, algebraic constraints, automatic test data generation, computational complexity, constraint-based data generation, fault-based technique, module testing, mutation analysis, program testing, relative adequacy},
}

@inproceedings{demillo1,
 author = {DeMillo, R. A.},
 title = {Completely Validated Software: Test Adequacy and Program Mutation (Panel Session)},
 booktitle = {Proceedings of the 11th International Conference on Software Engineering},
 series = {ICSE '89},
 year = {1989},
 isbn = {0-8186-1941-4},
 location = {Pittsburgh, Pennsylvania, USA},
 pages = {355--356},
 numpages = {2},
 url = {http://doi.acm.org/10.1145/74587.74634},
 doi = {10.1145/74587.74634},
 acmid = {74634},
 publisher = {ACM},
 address = {New York, NY, USA},
} 

@INPROCEEDINGS{fraser-arcuri, 
author={Fraser, G. and Arcuri, A.}, 
booktitle={Quality Software (QSIC), 2011 11th International Conference on}, 
title={Evolutionary Generation of Whole Test Suites}, 
year={2011}, 
pages={31-40}, 
keywords={program testing;public domain software;software libraries;EVOSUITE;coverage criterion;evolutionary generation;open source library;search-based approach;software testing;source code;test coverage goal;test suite;Genetic algorithms;Genetic programming;Optimization;Search problems;Software;Software testing;Search based software engineering;branch coverage;genetic algorithm;length}, 
doi={10.1109/QSIC.2011.19}, 
ISSN={1550-6002}, 
month={July},}

@inproceedings{fraser-zeller,
 author = {Fraser, Gordon and Zeller, Andreas},
 title = {Mutation-driven Generation of Unit Tests and Oracles},
 booktitle = {Proceedings of the 19th International Symposium on Software Testing and Analysis},
 series = {ISSTA '10},
 year = {2010},
 isbn = {978-1-60558-823-0},
 location = {Trento, Italy},
 pages = {147--158},
 numpages = {12},
 url = {http://doi.acm.org/10.1145/1831708.1831728},
 doi = {10.1145/1831708.1831728},
 acmid = {1831728},
 publisher = {ACM},
 address = {New York, NY, USA},
 keywords = {assertions, mutation analysis, mutation testing, search based testing, test case generation, test oracles, unit testing},
}

@INPROCEEDINGS{gupta, 
author={Gupta, N.K. and Rohil, M.K.}, 
booktitle={Advance Computing Conference (IACC), 2013 IEEE 3rd International}, 
title={Improving {GA} Based Automated Test Data Generation Technique for Object Oriented Software}, 
year={2013}, 
pages={249-253}, 
doi={10.1109/IAdCC.2013.6514229}, 
month={Feb},}

@ARTICLE{harman, 
author={Harman, M. and McMinn, P.}, 
journal={Software Engineering, IEEE Transactions on}, 
title={A Theoretical and Empirical Study of Search-Based Testing: Local, Global, and Hybrid Search}, 
year={2010}, 
volume={36}, 
number={2}, 
pages={226-247}, 
keywords={automatic test software;genetic algorithms;program testing;search problems;genetic algorithms;hybrid global-local search problem;memetic algorithm;real-world programs;search based optimization techniques;search based testing;structural software test data generation;Automated test data generation;Evolutionary Testing;Genetic Algorithms;Hill Climbing;Royal Road;algorithms;and search;artificial intelligence;control methods;experimentation;heuristic methods;measurement;performance;problem solving;schema theory;search-based software engineering;search-based testing;testing and debugging;testing tools;theory.}, 
doi={10.1109/TSE.2009.71}, 
ISSN={0098-5589}, 
month={March},}

@inproceedings{jensen,
 author = {Jensen, Casper S. and Prasad, Mukul R. and M{\o}ller, Anders},
 title = {Automated Testing with Targeted Event Sequence Generation},
 booktitle = {Proceedings of the 2013 International Symposium on Software Testing and Analysis},
 series = {ISSTA 2013},
 year = {2013},
 isbn = {978-1-4503-2159-4},
 location = {Lugano, Switzerland},
 pages = {67--77},
 numpages = {11},
 url = {http://doi.acm.org/10.1145/2483760.2483777},
 doi = {10.1145/2483760.2483777},
 acmid = {2483777},
 publisher = {ACM},
 address = {New York, NY, USA},
 keywords = {Android, Symbolic execution, mobile applications, test generation},
} 

@article{korel,
 author = {Korel, B.},
 title = {Automated Software Test Data Generation},
 journal = {IEEE Trans. Softw. Eng.},
 issue_date = {August 1990},
 volume = {16},
 number = {8},
 month = aug,
 year = {1990},
 issn = {0098-5589},
 pages = {870--879},
 numpages = {10},
 url = {http://dx.doi.org/10.1109/32.57624},
 doi = {10.1109/32.57624},
 acmid = {101755},
 publisher = {IEEE Press},
 address = {Piscataway, NJ, USA},
 keywords = {array indexes, automated software test data generation, automatic programming, backtracking, data structures, dynamic data structures, dynamic data-flow analysis, function-minimization methods, function-minimization search algorithms, input variables, minimisation, pointers, program behavior, program execution flow, program testing, search problems.},
} 

@inproceedings{lakhotia,
 author = {Lakhotia, Kiran and Tillmann, Nikolai and Harman, Mark and De Halleux, Jonathan},
 title = {FloPSy: Search-based Floating Point Constraint Solving for Symbolic Execution},
 booktitle = {Proceedings of the 22Nd IFIP WG 6.1 International Conference on Testing Software and Systems},
 series = {ICTSS'10},
 year = {2010},
 isbn = {3-642-16572-9, 978-3-642-16572-6},
 location = {Natal, Brazil},
 pages = {142--157},
 numpages = {16},
 url = {http://dl.acm.org/citation.cfm?id=1928028.1928039},
 acmid = {1928039},
 publisher = {Springer-Verlag},
 address = {Berlin, Heidelberg},
} 

@inproceedings{malburg,
 author = {Malburg, Jan and Fraser, Gordon},
 title = {Combining Search-based and Constraint-based Testing},
 booktitle = {Proceedings of the 2011 26th IEEE/ACM International Conference on Automated Software Engineering},
 series = {ASE '11},
 year = {2011},
 isbn = {978-1-4577-1638-6},
 pages = {436--439},
 numpages = {4},
 url = {http://dx.doi.org/10.1109/ASE.2011.6100092},
 doi = {10.1109/ASE.2011.6100092},
 acmid = {2190094},
 publisher = {IEEE Computer Society},
 address = {Washington, DC, USA},
} 

@inproceedings{sharma,
    author = "Sharma, Rohan and Gligoric, Milos and Jagannath, Vilas
              and Marinov, Darko",
    title = "A Comparison of Constraint-Based and Sequence-Based
             Generation of Complex Input Data Structures",
    booktitle = "ICST Workshops",
    crossref = "conf/icst/2010w",
    ee = "http://dx.doi.org/10.1109/ICSTW.2010.7",
    keywords = "software engineering",
    pages = "337-342",
    year = "2010",
}

@inproceedings{staats,
 author = {Staats, Matt and P\v{a}s\v{a}reanu, Corina},
 title = {Parallel Symbolic Execution for Structural Test Generation},
 booktitle = {Proceedings of the 19th International Symposium on Software Testing and Analysis},
 series = {ISSTA '10},
 year = {2010},
 isbn = {978-1-60558-823-0},
 location = {Trento, Italy},
 pages = {183--194},
 numpages = {12},
 url = {http://doi.acm.org/10.1145/1831708.1831732},
 doi = {10.1145/1831708.1831732},
 acmid = {1831732},
 publisher = {ACM},
 address = {New York, NY, USA},
 keywords = {java pathfinder, parallel, symbolic execution},
}

@phdthesis{sthamer,
  author       = {Harmen Hinrich Sthamer}, 
  title        = {The Automatic Generation of Software Test Data Using
                  Genetic Algorithms},
  school       = {University of Glamorgan},
  year         = 1995,
  month        = 11,
}

@article{wegener,
  added-at = {2011-11-30T00:00:00.000+0100},
  author = {Wegener, Joachim and Baresel, André and Sthamer, Harmen},
  biburl = {http://www.bibsonomy.org/bibtex/23835e47b6d3709d934237583fb074ada/dblp},
  ee = {http://dx.doi.org/10.1016/S0950-5849(01)00190-2},
  interhash = {bd0a2d22a9388d8ce0564205e59c1938},
  intrahash = {3835e47b6d3709d934237583fb074ada},
  journal = {Information \& Software Technology},
  keywords = {dblp},
  number = 14,
  pages = {841-854},
  timestamp = {2011-12-01T11:34:07.000+0100},
  title = {Evolutionary test environment for automatic structural testing.},
  url = {http://dblp.uni-trier.de/db/journals/infsof/infsof43.html#WegenerBS01},
  volume = 43,
  year = 2001
}

@proceedings{conf/icst/2010w,
    title = "Third International Conference on Software Testing,
             Verification and Validation, ICST 2010, Paris, France, April 7-9,
             2010, Workshops Proceedings",
    publisher = "IEEE Computer Society",
    year = "2010",
}
